% Team et al. (2022) - NLLB-200
@article{team2022no,
  title={No language left behind: Scaling human-centered machine translation},
  author={Team, NLLB and Costa-Juss{\`a}, Marta R and Cross, James and {\c{C}}elebi, Onur and Elbayad, Maha and Heafield, Kenneth and Heffernan, Kevin and Kalbassi, Elahe and Lam, Janice and Licht, Daniel and others},
  journal={arXiv preprint arXiv:2207.04672},
  year={2022},
  publisher={Aug}
}

%Chiang et al. (2023) - Evaluación del modelo NLLB-200 y el uso de BLEU

@article{faisal2024dialectbench,
  title={Dialectbench: A nlp benchmark for dialects, varieties, and closely-related languages},
  author={Faisal, Fahim and Ahia, Orevaoghene and Srivastava, Aarohi and Ahuja, Kabir and Chiang, David and Tsvetkov, Yulia and Anastasopoulos, Antonios},
  journal={arXiv preprint arXiv:2403.11009},
  year={2024}
}

%Lauscher et al. (2020) - Modelos multilingües basados en transformers
@article{lauscher2020zero,
  title={From zero to hero: On the limitations of zero-shot cross-lingual transfer with multilingual transformers},
  author={Lauscher, Anne and Ravishankar, Vinit and Vuli{\'c}, Ivan and Glava{\v{s}}, Goran},
  journal={arXiv preprint arXiv:2005.00633},
  year={2020}
}

%Chung et al. (2021) - Autoaprendizaje y back-translation en náhuatl
@inproceedings{shi2021highland,
  title={Highland Puebla Nahuatl speech translation corpus for endangered language documentation},
  author={Shi, Jiatong and Amith, Jonathan D and Chang, Xuankai and Dalmia, Siddharth and Yan, Brian and Watanabe, Shinji},
  booktitle={Proceedings of the First Workshop on Natural Language Processing for Indigenous Languages of the Americas},
  pages={53--63},
  year={2021}
}

%Agić Vulić (2019) - Limitaciones de modelos pre-entrenados en lenguas con recursos nulos
@inproceedings{agic2019jw300,
  title={JW300: A wide-coverage parallel corpus for low-resource languages},
  author={Agic, {\v{Z}}eljko and Vulic, Ivan},
  year={2019},
  organization={Association for Computational Linguistics}
}


%Fan et al. (2021) - Proyecto M2M-100 para 100 idiomas
@article{fan2021beyond,
  title={Beyond english-centric multilingual machine translation},
  author={Fan, Angela and Bhosale, Shruti and Schwenk, Holger and Ma, Zhiyi and El-Kishky, Ahmed and Goyal, Siddharth and Baines, Mandeep and Celebi, Onur and Wenzek, Guillaume and Chaudhary, Vishrav and others},
  journal={Journal of Machine Learning Research},
  volume={22},
  number={107},
  pages={1--48},
  year={2021}
}

%Paccotacya-Yanque et al. (2022) - Estudio sobre habla emocional en el quechua
@article{paccotacya2022speech,
  title={A speech corpus of quechua collao for automatic dimensional emotion recognition},
  author={Paccotacya-Yanque, Rosa YG and Huanca-Anquise, Candy A and Escalante-Calcina, Judith and Ramos-Lov{\'o}n, Wilber R and Cuno-Parari, {\'A}lvaro E},
  journal={Scientific Data},
  volume={9},
  number={1},
  pages={778},
  year={2022},
  publisher={Nature Publishing Group UK London}
}

%Tiedemann y Thottingal (2020) - Modelo OPUS-MT para el par quechua-español
@inproceedings{tiedemann2020opus,
  title={OPUS-MT--Building open translation services for the World},
  author={Tiedemann, J{\"o}rg and Thottingal, Santhosh},
  booktitle={Annual Conference of the European Association for Machine Translation},
  pages={479--480},
  year={2020},
  organization={European Association for Machine Translation}
}

%Chipana et al. (2023) - Corpus Siminchik para quechua sureño
@article{cardenas2018siminchik,
  title={Siminchik: A speech corpus for preservation of southern quechua},
  author={Cardenas, Ronald and Zevallos, Rodolfo and Baquerizo, Reynaldo and Camacho, Luis},
  journal={ISI-NLP},
  volume={2},
  pages={21},
  year={2018}
}

%Salesky et al. (2023) - Corpus paralelo IWSLT2023 Quechua-Español
@article{sperber2024evaluating,
  title={Evaluating the IWSLT2023 speech translation tasks: Human annotations, automatic metrics, and segmentation},
  author={Sperber, Matthias and Bojar, Ond{\v{r}}ej and Haddow, Barry and Javorsk{\`y}, D{\'a}vid and Ma, Xutai and Negri, Matteo and Niehues, Jan and Pol{\'a}k, Peter and Salesky, Elizabeth and Sudoh, Katsuhito and others},
  journal={arXiv preprint arXiv:2406.03881},
  year={2024}
}

%Rios et al. (2021) - Evaluación de BERT en el corpus QuechuaNews

%Mager et al. (2021) - Transliteración fonética de quechua a scripts latinos
@inproceedings{mager2021proceedings,
  title={Proceedings of the First Workshop on Natural Language Processing for Indigenous Languages of the Americas},
  author={Mager, Manuel and Oncevay, Arturo and Rios, Annette and Meza Ruiz, Ivan Vladimir and Palmer, Alexis and Neubig, Graham and Kann, Katharina},
  year={2021},
  organization={Association for Computational Linguistics}
}

%%%%%%%%%%%%%%%%%%%%%%%%%%%%%%%%%%%%%%%%%%%%%%%%%%%%
% 3.1.1


@book{hutchins1986machine,
  title={Machine translation: past, present, future},
  author={Hutchins, William John},
  year={1986},
  publisher={Ellis Horwood Chichester}
}

@article{arnold1994machine,
  title={Machine translation: an introductory guide},
  author={Arnold, Doug},
  journal={(No Title)},
  year={1994}
}

@article{bender2011achieving,
  title={On achieving and evaluating language-independence in NLP},
  author={Bender, Emily M},
  journal={Linguistic Issues in Language Technology},
  volume={6},
  year={2011}
}

%chu, C
@article{zoph2016transfer,
  title={Transfer learning for low-resource neural machine translation},
  author={Zoph, Barret and Yuret, Deniz and May, Jonathan and Knight, Kevin},
  journal={arXiv preprint arXiv:1604.02201},
  year={2016}
}

@book{koehn2020neural,
  title={Neural machine translation},
  author={Koehn, Philipp},
  year={2020},
  publisher={Cambridge University Press}
}

@inproceedings{lommel2018translation,
  title={Translation Quality Metrics},
  author={Lommel, Arle},
  booktitle={Proceedings of the AMTA 2018 Workshop on The Role of Authoritative Standards in the MT Environment},
  pages={69--94},
  year={2018}
}

@article{neubig2017neural,
  title={Neural machine translation and sequence-to-sequence models: A tutorial},
  author={Neubig, Graham},
  journal={arXiv preprint arXiv:1703.01619},
  year={2017}
}

% Rios, A
@article{kann2022americasnli,
  title={AmericasNLI: Machine translation and natural language inference systems for Indigenous languages of the Americas},
  author={Kann, Katharina and Ebrahimi, Abteen and Mager, Manuel and Oncevay, Arturo and Ortega, John E and Rios, Annette and Fan, Angela and Gutierrez-Vasques, Ximena and Chiruzzo, Luis and Gim{\'e}nez-Lugo, Gustavo A and others},
  journal={Frontiers in Artificial Intelligence},
  volume={5},
  pages={995667},
  year={2022},
  publisher={Frontiers Media SA}
}

@article{sennrich2015improving,
  title={Improving neural machine translation models with monolingual data},
  author={Sennrich, Rico and Haddow, Barry and Birch, Alexandra},
  journal={arXiv preprint arXiv:1511.06709},
  year={2015}
}

@inproceedings{weaver1952translation,
  title={Translation},
  author={Weaver, Warren},
  booktitle={Proceedings of the conference on mechanical translation},
  year={1952}
}

@article{wu2016google,
  title={Google's neural machine translation system: Bridging the gap between human and machine translation},
  author={Wu, Yonghui and Schuster, Mike and Chen, Zhifeng and Le, Quoc V and Norouzi, Mohammad and Macherey, Wolfgang and Krikun, Maxim and Cao, Yuan and Gao, Qin and Macherey, Klaus and others},
  journal={arXiv preprint arXiv:1609.08144},
  year={2016}
}

@inproceedings{zevallos2024tema,
  title={TEMA: Token Embeddings Mapping for Enriching Low-Resource Language Models},
  author={Zevallos, Rodolfo and Bel, Núria and Farrús, Mireia},
  booktitle={Proceedings of the 2024 Conference on Empirical Methods in Natural Language Processing},
  pages={11423--11435},
  year={2024}
}

%%% 3.2.

@article{vulic2020multi,
  title={Multi-simlex: A large-scale evaluation of multilingual and crosslingual lexical semantic similarity},
  author={Vuli{\'c}, Ivan and Baker, Simon and Ponti, Edoardo Maria and Petti, Ulla and Leviant, Ira and Wing, Kelly and Majewska, Olga and Bar, Eden and Malone, Matt and Poibeau, Thierry and others},
  journal={Computational Linguistics},
  volume={46},
  number={4},
  pages={847--897},
  year={2020},
  publisher={MIT Press One Rogers Street, Cambridge, MA 02142-1209, USA journals-info~…}
}

@article{neubig2018rapid,
  title={Rapid adaptation of neural machine translation to new languages},
  author={Neubig, Graham and Hu, Junjie},
  journal={arXiv preprint arXiv:1808.04189},
  year={2018}
}



%%%%% 3.3

%Tupia
@inproceedings{mager2021proceedings,
  title={Proceedings of the First Workshop on Natural Language Processing for Indigenous Languages of the Americas},
  author={Mager, Manuel and Oncevay, Arturo and Rios, Annette and Meza Ruiz, Ivan Vladimir and Palmer, Alexis and Neubig, Graham and Kann, Katharina},
  year={2021},
  organization={Association for Computational Linguistics}
}

@article{feng2020language,
  title={Language-agnostic BERT sentence embedding},
  author={Feng, Fangxiaoyu and Yang, Yinfei and Cer, Daniel and Arivazhagan, Naveen and Wang, Wei},
  journal={arXiv preprint arXiv:2007.01852},
  year={2020}
}





%% 3.1.2

@article{bahdanau2014neural,
  title={Neural machine translation by jointly learning to align and translate},
  author={Bahdanau, Dzmitry and Cho, Kyunghyun and Bengio, Yoshua},
  journal={arXiv preprint arXiv:1409.0473},
  year={2014}
}

@misc{bender2021dangers,
  title={On the Dangers of Stochastic Parrots: Can Language Models Be Too Big? FAccT’21: Proceedings of the 2021 ACM Conference on Fairness, Accountability, and Transparency, 610--623},
  author={Bender, Emily M and Gebru, Timnit and McMillan-Major, Angelina and Shmitchell, Shmargaret},
  year={2021}
}

@article{brown1993mathematics,
  title={The mathematics of statistical machine translation: Parameter estimation},
  author={Brown, Peter F and Della Pietra, Stephen A and Della Pietra, Vincent J and Mercer, Robert L},
  journal={Computational linguistics},
  volume={19},
  number={2},
  pages={263--311},
  year={1993}
}

@article{kay1997proper,
  title={The proper place of men and machines in language translation},
  author={Kay, Martin},
  journal={machine translation},
  volume={12},
  pages={3--23},
  year={1997},
  publisher={Springer}
}

@inproceedings{koehn2003statistical,
  title={Statistical phrase-based translation},
  author={Koehn, Philipp and Och, Franz Josef and Marcu, Daniel},
  booktitle={2003 Conference of the North American Chapter of the Association for Computational Linguistics on Human Langauge Technology (HLT-NAACL 2003)},
  pages={48--54},
  year={2003},
  organization={Association for Computational Linguistics}
}

@article{och2003systematic,
  title={A systematic comparison of various statistical alignment models},
  author={Och, Franz Josef and Ney, Hermann},
  journal={Computational linguistics},
  volume={29},
  number={1},
  pages={19--51},
  year={2003},
  publisher={MIT Press One Rog
  ers Street, Cambridge, MA 02142-1209, USA journals-info~…}
}

% Torres
@article{fernandez2025redefining,
  title={Redefining technology for indigenous languages},
  author={Fernandez-Sabido, Silvia and Peniche-Sabido, Laura},
  journal={arXiv preprint arXiv:2504.01522},
  year={2025}
}

@article{vaswani2017attention,
  author    = {Ashish Vaswani and Noam Shazeer and Niki Parmar and Jakob Uszkoreit and Llion Jones and Aidan N. Gomez and Lukasz Kaiser and Illia Polosukhin},
  title     = {Attention Is All You Need},
  journal   = {Advances in Neural Information Processing Systems},
  volume    = {30},
  year      = {2017},
  doi       = {10.48550/arXiv.1706.03762},
  url       = {https://arxiv.org/abs/1706.03762}
}


%%% 3.1.3.

@article{ba2016layer,
  title={Layer normalization},
  author={Ba, Jimmy Lei and Kiros, Jamie Ryan and Hinton, Geoffrey E},
  journal={arXiv preprint arXiv:1607.06450},
  year={2016}
}

@inproceedings{devlin2019bert,
  title={Bert: Pre-training of deep bidirectional transformers for language understanding},
  author={Devlin, Jacob and Chang, Ming-Wei and Lee, Kenton and Toutanova, Kristina},
  booktitle={Proceedings of the 2019 conference of the North American chapter of the association for computational linguistics: human language technologies, volume 1 (long and short papers)},
  pages={4171--4186},
  year={2019}
}

@article{junczys2018marian,
  title={Marian: Fast neural machine translation in C++},
  author={Junczys-Dowmunt, Marcin and Grundkiewicz, Roman and Dwojak, Tomasz and Hoang, Hieu and Heafield, Kenneth and Neckermann, Tom and Seide, Frank and Germann, Ulrich and Aji, Alham Fikri and Bogoychev, Nikolay and others},
  journal={arXiv preprint arXiv:1804.00344},
  year={2018}
}

% MEta
@article{costa2022no,
  title={No language left behind: Scaling human-centered machine translation},
  author={Costa-Juss{\`a}, Marta R and Cross, James and {\c{C}}elebi, Onur and Elbayad, Maha and Heafield, Kenneth and Heffernan, Kevin and Kalbassi, Elahe and Lam, Janice and Licht, Daniel and Maillard, Jean and others},
  journal={arXiv preprint arXiv:2207.04672},
  year={2022}
}

%%%%%%% 3.2.

% AmericasNLP
@inproceedings{de2025findings,
  title={Findings of the AmericasNLP 2025 Shared Tasks on Machine Translation, Creation of Educational Material, and Translation Metrics for Indigenous Languages of the Americas},
  author={De Gibert, Ona and Pugh, Robert and Marashian, Ali and V{\'a}zquez, Ra{\'u}l and Ebrahimi, Abteen and Denisov, Pavel and Rice, Enora and Gow-Smith, Edward and Prieto, Juan and Robles, Melissa and others},
  booktitle={Proceedings of the Fifth Workshop on NLP for Indigenous Languages of the Americas (AmericasNLP)},
  pages={134--152},
  year={2025}
}

@inproceedings{bird2020decolonising,
  title={Decolonising speech and language technology},
  author={Bird, Steven},
  booktitle={28th International Conference on Computational Linguistics, COLING 2020},
  pages={3504--3519},
  year={2020},
  organization={Association for Computational Linguistics (ACL)}
}

@article{cotterell2019complexity,
  title={On the complexity and typology of inflectional morphological systems},
  author={Cotterell, Ryan and Kirov, Christo and Hulden, Mans and Eisner, Jason},
  journal={Transactions of the Association for Computational Linguistics},
  volume={7},
  pages={327--342},
  year={2019},
  publisher={MIT Press One Rogers Street, Cambridge, MA 02142-1209, USA journals-info~…}
}

@misc{hutchins1992introduction,
  title={An Introduction fo Machine Translation},
  author={Hutchins, W John and Somers, Harold L},
  year={1992},
  publisher={Academic Press Limited, London}
}

% Joshi no hay

@article{joshi2020state,
  title={The state and fate of linguistic diversity and inclusion in the NLP world},
  author={Joshi, Pratik and Santy, Sebastin and Budhiraja, Amar and Bali, Kalika and Choudhury, Monojit},
  journal={arXiv preprint arXiv:2004.09095},
  year={2020}
}

@article{junczys2018marian,
  title={Marian: Fast neural machine translation in C++},
  author={Junczys-Dowmunt, Marcin and Grundkiewicz, Roman and Dwojak, Tomasz and Hoang, Hieu and Heafield, Kenneth and Neckermann, Tom and Seide, Frank and Germann, Ulrich and Aji, Alham Fikri and Bogoychev, Nikolay and others},
  journal={arXiv preprint arXiv:1804.00344},
  year={2018}
}

@article{pires2019multilingual,
  title={How multilingual is multilingual BERT?},
  author={Pires, Telmo and Schlinger, Eva and Garrette, Dan},
  journal={arXiv preprint arXiv:1906.01502},
  year={2019}
}

@inproceedings{popovic2017chrf++,
  title={chrF++: words helping character n-grams},
  author={Popovi{\'c}, Maja},
  booktitle={Proceedings of the second conference on machine translation},
  pages={612--618},
  year={2017}
}

@inproceedings{rei2022comet,
  title={COMET-22: Unbabel-IST 2022 submission for the metrics shared task},
  author={Rei, Ricardo and De Souza, Jos{\'e} GC and Alves, Duarte and Zerva, Chrysoula and Farinha, Ana C and Glushkova, Taisiya and Lavie, Alon and Coheur, Luisa and Martins, Andr{\'e} FT},
  booktitle={Proceedings of the Seventh Conference on Machine Translation (WMT)},
  pages={578--585},
  year={2022}
}


@article{lommel2014multidimensional,
  title={Multidimensional quality metrics (MQM): A framework for declaring and describing translation quality metrics},
  author={Lommel, Arle and Uszkoreit, Hans and Burchardt, Aljoscha},
  journal={Tradum{\`a}tica},
  number={12},
  pages={0455--463},
  year={2014}
}

%Meta
@article{falcao2024comet,
  title={COMET for low-resource machine translation evaluation: a case study of English-Maltese and Spanish-Basque},
  author={Falc{\~a}o, J{\'u}lia and Borg, Claudia and Aranberri, Nora and Abela, Kurt},
  year={2024},
  publisher={ELRA and ICCL}
}
@inproceedings{papineni2002bleu,
  title={Bleu: a method for automatic evaluation of machine translation},
  author={Papineni, Kishore and Roukos, Salim and Ward, Todd and Zhu, Wei-Jing},
  booktitle={Proceedings of the 40th annual meeting of the Association for Computational Linguistics},
  pages={311--318},
  year={2002}
}


@article{zhang2020evaluating,
  title={Evaluating text generation with BERT},
  author={Zhang, Tianyi and Kishore, Varsha and Felix, W and Weinberger, Kilian Q},
  journal={ICLR, Bertscore},
  year={2020}
}


%% QUECHUA
@article{cerron2003linguistica,
  title={Ling{\"u}{\'\i}stica quechua (edici{\'o}n)},
  author={Cerr{\'o}n-Palomino, Rodolfo},
  journal={Cusco: Centro de Estudios Regionales Andinos' Bartolom{\'e} de las Casas},
  year={2003}
}

@article{cusihuaman1976gramatica,
  title={Gram{\'a}tica quechua, Cuzco-Collao},
  author={Cusihuam{\'a}n, G and others},
  journal={(No Title)},
  year={1976}
}

%Meta
@phdthesis{rios2015basic,
  title={A basic language technology toolkit for Quechua},
  author={Rios, Annette},
  year={2015},
  school={University of Zurich}
}

% Guevara
@article{rios2011spell,
  title={Spell checking an agglutinative language: Quechua},
  author={Rios, Annette},
  year={2011},
  publisher={Fundacja Uniwersytetu im. A. Mickiewicza}
}

%itler
@incollection{duran2024formalization,
  title={Formalization of the Quechua Morphology},
  author={Duran, Maximiliano},
  booktitle={Linguistic Resources for Natural Language Processing: On the Necessity of Using Linguistic Methods to Develop NLP Software},
  pages={109--125},
  year={2024},
  publisher={Springer}
}


@article{joulin2016fasttext,
  title={Fasttext. zip: Compressing text classification models},
  author={Joulin, Armand and Grave, Edouard and Bojanowski, Piotr and Douze, Matthijs and J{\'e}gou, H{\'e}rve and Mikolov, Tomas},
  journal={arXiv preprint arXiv:1612.03651},
  year={2016}
}


%%%%%%%%%%%% INTRO

@book{adelaar2004,
  title={The Languages of the Andes},
  author={Adelaar, Willem F.H.},
  year={2004},
  publisher={Cambridge University Press}
}

@book{cerron2003,
  title={Ling{\'u}{\'i}stica quechua},
  author={Cerr{\'o}n-Palomino, Rodolfo},
  year={2003},
  publisher={Centro Bartolom{\'e} de Las Casas}
}

@article{joshi2020,
  title={The State and Fate of Linguistic Diversity},
  author={Joshi, Pratik and others},
  journal={Proceedings of the National Academy of Sciences},
  volume={117},
  number={23},
  pages={23368--23377},
  year={2020}
}

@article{torres2023,
  title={Digital Resource Gaps for Quechua: A Computational Analysis},
  author={Torres, Luis and others},
  journal={Language Resources and Evaluation},
  year={2023}
}

@inproceedings{bird2020,
  title={Decolonizing Speech and Language Technology},
  author={Bird, Steven},
  booktitle={Proceedings of the 58th Annual Meeting of the ACL},
  pages={1--13},
  year={2020}
}

@inproceedings{junczys2018,
  title={Marian: Fast Neural Machine Translation in {C++}},
  author={Junczys-Dowmunt, Marcin and others},
  booktitle={Proceedings of ACL},
  year={2018}
}

@techreport{meta2022,
  title={No Language Left Behind},
  author={{Meta AI}},
  year={2022},
  institution={Meta}
}

@inproceedings{rios2021,
  title={Cultural Adequacy in Machine Translation},
  author={Rios, Annette and others},
  booktitle={Proceedings of AmericasNLP},
  pages={1--15},
  year={2021}
}

@inproceedings{tiedemann2020,
  title={{OPUS-MT} -- Building Open Translation Services},
  author={Tiedemann, J{\"o}rg and Thottingal, Santhosh},
  booktitle={Proceedings of EAMT},
  pages={202--215},
  year={2020}
}

@inproceedings{papineni2002,
  title={BLEU: a Method for Automatic Evaluation of Machine Translation},
  author={Papineni, Kishore and others},
  booktitle={Proceedings of ACL},
  pages={311--318},
  year={2002}
}

@article{lommel2014,
  title={Multidimensional Quality Metrics ({MQM}): A Framework for Declaring and Describing Translation Quality Metrics},
  author={Lommel, Arle and others},
  journal={Tradum{\`a}tica},
  volume={12},
  pages={455--463},
  year={2014}
}

@inproceedings{feng2022,
  title={Language-Agnostic {BERT} Sentence Embedding},
  author={Feng, Fangxiaoyu and others},
  booktitle={Proceedings of ACL},
  pages={878--891},
  year={2022}
}

@inproceedings{neubig2018,
  title={Rapid Adaptation of Neural Machine Translation to New Languages},
  author={Neubig, Graham and Hu, Junjie},
  booktitle={Proceedings of EMNLP},
  pages={875--880},
  year={2018}
}

@techreport{zevallos2022,
  title={Monolingual-Quechua-IIC: Technical Documentation},
  author={Zevallos, Javier and others},
  year={2022},
  institution={Instituto de Investigaci{\'o}n en Ciencia de la Computaci{\'o}n}
}
